@misc{
	Tog,
	author = {Bruce Tognazzini},
	title = {First Principles of Interaction Design (Revised & Expanded)},
	year = {2014},
	url = {http://asktog.com/atc/principles-of-interaction-design/}
}