@misc {wd,
title = "Introduction to wearable technology",
howpublished = {\url{http://www.wearabledevices.com/what-is-a-wearable-device/}},
author = "unknown"
}

@misc{wmv,
	title = "Wearable Device Market value from 2010 to 2018 (in million U.S. dollars",
	howpublished = {\url{http://www.statista.com/statistics/259372/wearable-device-market-value/}},
	author = "unknown"
}

@inproceedings{witt,
  title={Designing a Wearable User Interface for Hands-free Interaction in Maintenance Applications.},
  author={Witt, Hendrik and Nicolai, Tom and Kenn, Holger},
  booktitle={PerCom Workshops},
  pages={652--655},
  year={2006},
  howpublished = {\url{http://www.cubeos.org/kenn/pub/papers/witt06designing.pdf}}
}

@article{star,
 author = {Starner, Thad},
 title = {The Challenges of Wearable Computing: Part 2},
 journal = {IEEE Micro},
 issue_date = {July 2001},
 volume = {21},
 number = {4},
 month = jul,
 year = {2001},
 issn = {0272-1732},
 pages = {54--67},
 numpages = {14},
 howpublished = {\url{http://dx.doi.org/10.1109/40.946683}},
 doi = {10.1109/40.946683},
 acmid = {624464},
 publisher = {IEEE Computer Society Press},
 address = {Los Alamitos, CA, USA},
} 


@inproceedings{zhang,
 author = {Zhang, Ben and Chen, Yu-Hsiang and Tuna, Claire and Dave, Achal and Li, Yang and Lee, Edward and Hartmann, Bj\"{o}rn},
 title = {HOBS: Head Orientation-based Selection in Physical Spaces},
 booktitle = {Proceedings of the 2Nd ACM Symposium on Spatial User Interaction},
 series = {SUI '14},
 year = {2014},
 isbn = {978-1-4503-2820-3},
 location = {Honolulu, Hawaii, USA},
 pages = {17--25},
 numpages = {9},
 url = {http://doi.acm.org/10.1145/2659766.2659773},
 doi = {10.1145/2659766.2659773},
 acmid = {2659773},
 publisher = {ACM},
 address = {New York, NY, USA},
 keywords = {glass, selection, spatial interaction, wearable computing},
} 

@inproceedings{todi,
 author = {Todi, Kashyap and Luyten, Kris},
 title = {Suit Up!: Enabling Eyes-free Interactions on Jacket Buttons},
 booktitle = {Proceedings of the Extended Abstracts of the 32Nd Annual ACM Conference on Human Factors in Computing Systems},
 series = {CHI EA '14},
 year = {2014},
 isbn = {978-1-4503-2474-8},
 location = {Toronto, Ontario, Canada},
 pages = {1549--1554},
 numpages = {6},
 url = {http://doi.acm.org/10.1145/2559206.2581155},
 doi = {10.1145/2559206.2581155},
 acmid = {2581155},
 publisher = {ACM},
 address = {New York, NY, USA},
 keywords = {eyes-free, inconspicuous interactions, wearable computing},
} 
